%!TEX root = ../main.tex
@book{gumerov2005fast,
  title={Fast multipole methods for the {Helmholtz} equation in three dimensions},
  author={Gumerov, Nail A and Duraiswami, Ramani},
  year={2005},
  publisher={Elsevier}
}

@book{kuttruff2007acoustics,
  title={Acoustics: an introduction},
  author={Kuttruff, Heinrich},
  year={2007},
  publisher={CRC Press}
}
