%!TEX root = ../main.tex
@article{zheng2009harmonic,
  title={Harmonic fluids},
  author={Zheng, Changxi and James, Doug L},
  journal={ACM Transactions on Graphics (TOG)},
  volume={28},
  number={3},
  pages={37},
  year={2009},
  publisher={ACM}
}

@inproceedings{james2006precomputed,
  title={Precomputed acoustic transfer: output-sensitive, accurate sound generation for geometrically complex vibration sources},
  author={James, Doug L and Barbi{\v{c}}, Jernej and Pai, Dinesh K},
  booktitle={ACM Transactions on Graphics (TOG)},
  volume={25},
  number={3},
  pages={987--995},
  year={2006},
  organization={ACM}
}

@inproceedings{chadwick2009harmonic,
  title={Harmonic shells: a practical nonlinear sound model for near-rigid thin shells},
  author={Chadwick, Jeffrey N and An, Steven S and James, Doug L},
  booktitle={ACM Transactions on Graphics (TOG)},
  volume={28},
  number={5},
  pages={119},
  year={2009},
  organization={ACM}
}

@inproceedings{zheng2010rigid,
  title={Rigid-body fracture sound with precomputed soundbanks},
  author={Zheng, Changxi and James, Doug L},
  booktitle={ACM Transactions on Graphics (TOG)},
  volume={29},
  number={4},
  pages={69},
  year={2010},
  organization={ACM}
}

@article{zheng2011toward,
  title={Toward high-quality modal contact sound},
  author={Zheng, Changxi and James, Doug L},
  journal={ACM Transactions on Graphics (TOG)},
  volume={30},
  number={4},
  pages={38},
  year={2011},
  publisher={ACM}
}

@article{langlois2014eigenmode,
  title={Eigenmode Compression for Modal Sound Models},
  author={Langlois, Timothy R and An, Steven S and Jin, Kelvin K and James, Doug L},
  journal={ACM Transactions on Graphics (TOG)},
  volume={33},
  number={4},
  pages={40},
  year={2014},
  publisher={ACM}
}

