%!TEX root = ../main.tex
@article{mehra2012efficient,
  title={An efficient time-domain solver for the acoustic wave equation on graphics processors},
  author={Mehra, Ravish and Raghuvanshi, Nikunj and Savioja, Lauri and Lin, Ming and Manocha, Dinesh},
  journal={Applied Acoustics},
  volume={73},
  number={2},
  year={2012}
}

@inproceedings{micikevicius20093d,
  title={3D finite difference computation on GPUs using CUDA},
  author={Micikevicius, Paulius},
  booktitle={Proceedings of 2nd workshop on general purpose processing on graphics processing units},
  pages={79--84},
  year={2009},
  organization={ACM}
}

@inproceedings{hamilton2013room,
  title={Room acoustics modelling using GPU-accelerated finite difference and finite volume methods on a face-centered cubic grid},
  author={Hamilton, Brian and Webb, Craig J},
  booktitle={Digital Audio Effects (DAFx), Maynooth, Ireland},
  year={2013}
}

@inproceedings{Cui:2013:PSH:2503210.2503300,
 author = {Cui, Y. and Poyraz, E. and Olsen, K. B. and Zhou, J. and Withers, K. and Callaghan, S. and Larkin, J. and Guest, C. and Choi, D. and Chourasia, A. and Shi, Z. and Day, S. M. and Maechling, P. J. and Jordan, T. H.},
 title = {Physics-based Seismic Hazard Analysis on Petascale Heterogeneous Supercomputers},
 booktitle = {Proceedings of the International Conference on High Performance Computing, Networking, Storage and Analysis},
 series = {SC '13},
 year = {2013},
 isbn = {978-1-4503-2378-9},
 location = {Denver, Colorado},
 pages = {70:1--70:12},
 articleno = {70},
 numpages = {12},
 url = {http://doi.acm.org/10.1145/2503210.2503300},
 doi = {10.1145/2503210.2503300},
 acmid = {2503300},
 publisher = {ACM},
 address = {New York, NY, USA},
 keywords = {CyberShake, GPU, SCEC, earthquake ground motions, hybrid heterogeneous, seismic hazard analysis, weak scaling},
} 