@book{welch1966mac,
  title={The MAC method},
  author={Welch, J Eddie and Francis H.. Harlow and John P.. Shannon and Bart J.. Daly},
  year={1966},
  publisher={Los Alamos Scientific Laboratory of the University of California}
}

@article{mehra2012efficient,
  title={An efficient time-domain solver for the acoustic wave equation on graphics processors},
  author={Mehra, Ravish and Raghuvanshi, Nikunj and Savioja, Lauri and Lin, Ming and Manocha, Dinesh},
  journal={Applied Acoustics},
  volume={73},
  number={2},
  year={2012}
}

@inproceedings{micikevicius20093d,
  title={{3D} finite difference computation on {GPUs} using {CUDA}},
  author={Micikevicius, Paulius},
  booktitle={Proceedings of 2nd workshop on general purpose processing on graphics processing units},
  pages={79--84},
  year={2009},
  organization={ACM}
}

@inproceedings{hamilton2013room,
  title={Room acoustics modelling using {GPU-accelerated} finite difference and finite volume methods on a face-centered cubic grid},
  author={Hamilton, Brian and Webb, Craig J},
  booktitle={Digital Audio Effects (DAFx), Maynooth, Ireland},
  year={2013}
}

@article{liu1997perfectly,
  title={The perfectly matched layer for acoustic waves in absorptive media},
  author={Liu, Qing-Huo and Tao, Jianping},
  journal={The Journal of the Acoustical Society of America},
  volume={102},
  number={4},
  pages={2072--2082},
  year={1997},
  publisher={Acoustical Society of America}
}

@Misc{fastbem,
title = {{FastBEM}},
howpublished = {\url{http://www.fastbem.com}},
year = {2007-2016}
}