@book{parlett1980symmetric,
  title={The symmetric eigenvalue problem},
  author={Parlett, Beresford N},
  volume={7},
  year={1980},
  publisher={SIAM}
}

@book{apostol1969calculus,
  title={Calculus, vol. {II}},
  author={Apostol, Tom M},
  publisher={Ed Revert{\'e}},
  year={1969}
}

@book{press2007numerical,
  title={Numerical recipes 3rd edition: The art of scientific computing},
  author={Press, William H},
  year={2007},
  publisher={Cambridge university press}
}