
@Misc{googleforms,
title = {{Google Forms}},
howpublished = {\url{https://www.google.com/forms/about/}}
}


@article{bridgett2007,
  title={Why ambient sounds matter to your game.},
  author={Rob Bridgett},
  journal={Game Developer Magazine},
  year={2007}
}

@article{anderson1997sound,
  title={The sound dimension},
  author={Anderson, David B and Casey, Michael A},
  journal={IEEE spectrum},
  volume={34},
  number={3},
  pages={46--50},
  year={1997},
  publisher={IEEE}
}

@article{haussen2008som,
  title={Som, c{\^a}mera, a{\c{c}}{\~a}o: a relev{\^a}ncia do som na hist{\'o}ria do cinema},
  author={Haussen, Luciana}
}

@article{rocchesso2003sounding,
  title={Sounding objects},
  author={Rocchesso, Davide and Bresin, Roberto and Fernstrom, Mikael},
  journal={IEEE MultiMedia},
  volume={10},
  number={2},
  pages={42--52},
  year={2003},
  publisher={IEEE}
}