@inproceedings{kaufman2008staggered,
  title={Staggered projections for frictional contact in multibody systems},
  author={Kaufman, Danny M and Sueda, Shinjiro and James, Doug L and Pai, Dinesh K},
  booktitle={ACM Transactions on Graphics (TOG)},
  volume={27},
  number={5},
  pages={164},
  year={2008},
  organization={ACM}
}

@book{shabana2012theory,
  title={Theory of vibration: Volume II: discrete and continuous systems},
  author={Shabana, Ahmed A},
  year={2012},
  publisher={Springer Science \& Business Media}
}