@inproceedings{van2001foleyautomatic,
  title={FoleyAutomatic: physically-based sound effects for interactive simulation and animation},
  author={Van Den Doel, Kees and Kry, Paul G and Pai, Dinesh K},
  booktitle={Proceedings of the 28th annual conference on Computer graphics and interactive techniques},
  pages={537--544},
  year={2001},
  organization={ACM}
}

@article{zheng2009harmonic,
  title={Harmonic fluids},
  author={Zheng, Changxi and James, Doug L},
  journal={ACM Transactions on Graphics (TOG)},
  volume={28},
  number={3},
  pages={37},
  year={2009},
  publisher={ACM}
}

@inproceedings{james2006precomputed,
  title={Precomputed acoustic transfer: output-sensitive, accurate sound generation for geometrically complex vibration sources},
  author={James, Doug L and Barbi{\v{c}}, Jernej and Pai, Dinesh K},
  booktitle={ACM Transactions on Graphics (TOG)},
  volume={25},
  number={3},
  pages={987--995},
  year={2006},
  organization={ACM}
}

@inproceedings{chadwick2009harmonic,
  title={Harmonic shells: a practical nonlinear sound model for near-rigid thin shells},
  author={Chadwick, Jeffrey N and An, Steven S and James, Doug L},
  booktitle={ACM Transactions on Graphics (TOG)},
  volume={28},
  number={5},
  pages={119},
  year={2009},
  organization={ACM}
}

@inproceedings{zheng2010rigid,
  title={Rigid-body fracture sound with precomputed soundbanks},
  author={Zheng, Changxi and James, Doug L},
  booktitle={ACM Transactions on Graphics (TOG)},
  volume={29},
  number={4},
  pages={69},
  year={2010},
  organization={ACM}
}

@article{zheng2011toward,
  title={Toward high-quality modal contact sound},
  author={Zheng, Changxi and James, Doug L},
  journal={ACM Transactions on Graphics (TOG)},
  volume={30},
  number={4},
  pages={38},
  year={2011},
  publisher={ACM}
}

@article{langlois2014eigenmode,
  title={Eigenmode {Compression} for {Modal Sound Models}},
  author={Langlois, Timothy R and An, Steven S and Jin, Kelvin K and James, Doug L},
  journal={ACM Transactions on Graphics (TOG)},
  volume={33},
  number={4},
  pages={40},
  year={2014},
  publisher={ACM}
}

@misc{visualIndicatedSounds,
  Author = {Andrew Owens and Phillip Isola and Josh McDermott and Antonio Torralba and Edward H. Adelson and William T. Freeman},
  Title = {{Visually Indicated Sounds}},
  Year = {2015},
  Eprint = {arXiv:1512.08512},
}

@inproceedings{lloyd2011sound,
  title={Sound synthesis for impact sounds in video games},
  author={Lloyd, D Brandon and Raghuvanshi, Nikunj and Govindaraju, Naga K},
  booktitle={Symposium on Interactive 3D Graphics and Games},
  pages={PAGE--7},
  year={2011},
  organization={ACM}
}

@article{ren2013example,
  title={Example-guided physically based modal sound synthesis},
  author={Ren, Zhimin and Yeh, Hengchin and Lin, Ming C},
  journal={ACM Transactions on Graphics (TOG)},
  volume={32},
  number={1},
  pages={1},
  year={2013},
  publisher={ACM}
}

@inproceedings{sterling2016interactive,
  title={Interactive modal sound synthesis using generalized proportional damping},
  author={Sterling, Auston and Lin, Ming C},
  booktitle={Proceedings of the 20th ACM SIGGRAPH Symposium on Interactive 3D Graphics and Games},
  pages={79--86},
  year={2016},
  organization={ACM}
}

@article{rahim1993use,
  title={On the use of neural networks in articulatory speech synthesis},
  author={Rahim, Mazin G and Goodyear, Colin C and Kleijn, W Bastiaan and Schroeter, Juergen and Sondhi, M Mohan},
  journal={The Journal of the Acoustical Society of America},
  volume={93},
  number={2},
  pages={1109--1121},
  year={1993},
  publisher={Acoustical Society of America}
}

@article{ling2015deep,
  title={Deep learning for acoustic modeling in parametric speech generation: A systematic review of existing techniques and future trends},
  author={Ling, Zhen-Hua and Kang, Shi-Yin and Zen, Heiga and Senior, Andrew and Schuster, Mike and Qian, Xiao-Jun and Meng, Helen M and Deng, Li},
  journal={IEEE Signal Processing Magazine},
  volume={32},
  number={3},
  pages={35--52},
  year={2015},
  publisher={IEEE}
}